@misc{hammersley1997,
author = {Hammersley, A.P.},
booktitle = {ESRF Internal Report},
title = {{FIT2D: An Introduction and Overview}},
year = {1997}
}